@Article{16,
  author  = {Кульмин, В. В.},
  journal = {Большая российская газета},
  title   = {Информационная революция [Электронный ресурс]},
  url     = {https://bigenc.ru/technology_and_technique/text/2015889},
  urldate = {2022-01-21},
}

@Article{2,
  title   = {Textual Analysis: A Beginner's Guid [Электронный ресурс]},
  url     = {http://www1.cs.columbia.edu/~sbenus/Teaching/APTD/McKee_Ch1.pdf},
  urldate = {2022-01-21},
}

@Article{9,
  author  = {Шереметьева, С. О. and Осмини, П. Г.},
  title   = {Методы и модели автоматического извлечения ключевых слов [Электронный ресурс]},
  url     = {https://cyberleninka.ru/article/n/metody-i-modeli-avtomaticheskogo-izvlecheniya-klyuchevyh-slov},
  urldate = {2022-01-21},
}

@Article{6,
  author  = {Соколов, А. Н},
  title   = {Внутренняя речь и мышление [Электронный ресурс]},
  url     = {https://search.rsl.ru/ru/record/01008431174},
  urldate = {2022-01-22},
}

@Article{3,
  title   = {Automatic keyphrases extraction based on NLP and statistical methods [Электронный ресурс]},
  url     = {https://search.rsl.ru/ru/record/01008431174},
  urldate = {2022-01-22},
}

@Article{4,
	author  = {Girish Paishikar},
	title   = {Keyword extraction from a single document using centrality measures [Электронный ресурс]},
	url     = {https://www.researchgate.net/publication/221205058_Keyword_Extraction_from_a_Single_Document_Using_Centrality_Measures},
	urldate = {2022-01-23},
}

@Article{5,
	author  = {Michael, W.},
	title   = {Berry Text Mining Application and Theory [Текст]},
	urldate = {2022-01-23},
}

@Article{1,
	author  = {Michael, W.},
	title   = {YAKE! Keyword extraction from single documents using multiple local features [Электронный ресурс]},
	urldate = {2022-01-25},
}

@Article{7,
	author  = {Виноградова Н. В. and Иванов, В. В.},
	title   = {Современные методы автоматизированного извлечения ключевых слов из текста [Электронный ресурс]},
	url     = {https://www.elibrary.ru/item.asp?id=27036419},
	urldate = {2022-01-25},
}

@Article{20,
	author  = {Строганов, Ю.В. and Бородин, Д.С},
	title   = {Исследование метода выделения однословных терминов в тематических текстах [Электронный ресурс]},
	url     = {https://cyberleninka.ru/article/n/issledovanie-metoda-vydeleniya-odnoslovnyh-terminov-v-tematicheskih-tekstah},
	urldate = {2022-01-27},
}

@Article{15,
	author  = {Stuart Rose and Dave Engel and Nick Cramer},
	title   = {Automatic Keyword Extraction from individual Document [Электронный ресурс]},
	url     = {https://www.researchgate.net/publication/227988510_Automatic_Keyword_Extraction_from_Individual_Documents},
	urldate = {2022-01-27},
}

@Article{18,
  author    = {Luhn, H. P.},
  title     = {The Automatic Creation of Literature Abstracts [Электронный ресурс]},
  year      = {1958},
  month     = apr,
  publisher = {IBM},
  url       = {https://ieeexplore.ieee.org/document/5392672},
  urldate   = {2022-02-02},
}

@Article{19,
	author    = {David Machado and Tiago Barbosa and Bruno Martins},
	title     = {Universal Mobile Information Retrieval [Электронный ресурс]},
	url       = {https://link.springer.com/chapter/10.1007/978-3-642-02710-9_38},
	urldate   = {2022-02-10},
}

@Article{21,
	author    = {Гудков, В. Ю. and Гудкова E. Ф.},
	title     = {N-грамммы в лингвистике [Электронный ресурс]},
	url       = {http://lab314.brsu.by/kmp-lite/kmp2/Translation/MT/MT-Corpus/n-grammy-v-lingvistike.pdf},
	urldate   = {2022-03-26},
}

@Article{22,
	author    = {Ершов, М.И.},
	title     = {МНОГОКОМПОНЕНТНЫЕ ТЕРМИНЫ СФЕРЫ ТЕПЛОЭНЕРГЕТИКИ [Электронный ресурс]},
	url       = {https://elar.urfu.ru/bitstream/10995/60427/1/978-5-8295-0572-1_2018_01_50.pdf},
	urldate   = {2022-04-26},
}

@Article{23,
	author    = {Ершов, М.И.},
	title     = {Portable Document Format [Электронный ресурс]},
	url       = {https://helpx.adobe.com/ru/incopy/using/pdf.html},
	urldate   = {2022-05-12},
}

@Article{24,
	author    = {Трифонов, Д. И.},
	title     = {Идентификация личности по фрактальной размерности отпечатков пальцев и системы контроля и управления доступом [Электронный ресурс]},
	url       = {https://cyberleninka.ru/article/n/identifikatsiya-lichnosti-po-fraktalnoy-razmernosti-otpechatkov-paltsev-i-sistemy-kontrolya-i-upravleniya-dostupom},
	urldate   = {2022-05-22},
}



@Comment{jabref-meta: databaseType:bibtex;}

@Comment{jabref-meta: fileDirectoryLatex-User-WIN-GQFJIINOQ86:C:\\Users\\User\\Desktop\\Diplome_work\\Diplome2021\\RPZ_latex;}
